@FOOTNOTE{Note1,key="Note1",note="Recall the normalization of Legendre polynomials, $\DOTSI \intop \ilimits@ _{-1}^{1} P_m (x) P_n(x) dx = \protect \frac  {2}{2n + 1} \delta _{mn}$"}
@CONTROL{REVTEX41Control}
@CONTROL{apsrev41Control,author="08",editor="1",pages="0",title="",year="1"}
